% This file was created with JabRef 2.11.
% Encoding: MS949


@Book{GilbargTrudinger200101,
  Title                    = {Elliptic Partial Differential Equations of Second Order},
  Author                   = {David Gilbarg and Neil S. Trudinger},
  Publisher                = {Springer},
  Year                     = {2001},
  Edition                  = {Reprint of the 2nd ed. Berlin Heidelberg New York 1983. Corr. 3rd printing 1998},
  Month                    = {1},
  ISBN                     = {9783540411604},
  Price                    = {$69.95},
  Timestamp                = {2014.02.21},
  Totalpages               = {529},
  Url                      = {http://amazon.com/o/ASIN/3540411607/}
}

@Book{ivanov1982quasi,
  Title                    = {Quasilinear degenerate and nonuniformly elliptic and parabolic equations of second order},
  Author                   = {Ivanov, A. V.},
  Publisher                = {Leningrad : Nauka},
  Year                     = {1982},
  Journal                  = {Trudy Mat. Inst. Steklov},
  Owner                    = {Administrator},
  Timestamp                = {2014.02.21}
}

@Book{ladyzhenskaya1967linear,
  Title                    = {Linear and Quasilinear Parabolic Equations [in Russian]},
  Author                   = {Ladyzhenskaya, O.A. and Solonnikov, V.A. and Ural'tseva, N.N.},
  Publisher                = {Nauka Moscow},
  Year                     = {1967}
}

@Book{ladyzhenskaya1973linear,
  Title                    = {Linear and quasilinear equations of elliptic type},
  Author                   = {Ladyzhenskaya, O. A and Ural'tseva, N. N},
  Publisher                = {Nauka, Moscow},
  Year                     = {1973}
}

